@electronic{web:google_spreadsheets,
	title = {Google Spreadsheets},
	url = {http://www.google.com/google-d-s/spreadsheets/},
	year = {2012}
}

@electronic{web:google_docs,
	title = {Google Docs},
	url = {https://docs.google.com},
	year = {2012}
}

@electronic{web:python,
	title = {Python programming language},
	url = {http://www.python.org/},
	year = {2012}
}

@electronic{web:google_api,
	title = {Google Data API},
	url = {http://code.google.com/p/gdata-python-client/},
	year = {2012}
}
